@article{reed1960,
author = {Reed, I. S. and Solomon, G.},
title = {Polynomial Codes Over Certain Finite Fields},
journal = {Journal of the Society for Industrial and Applied Mathematics},
volume = {8},
number = {2},
pages = {300-304},
year = {1960},
doi = {10.1137/0108018},
URL = {https://doi.org/10.1137/0108018},
eprint = {https://doi.org/10.1137/0108018}
}
